@ARTICLE{heald:2014,
author = {{Shannon L.M. Heald, Stephen C. Van Hedger, Howard C. Nusbaum}},
title = {Auditory category knowledge in experts and novices},
organization = {Frontiers in Neuroscience},
volume = {8},
year = {2014},
url = {https://doi.org/10.3389/fnins.2014.00260},
}

@ARTICLE{massaro:1975
author = {{Dominic Massaro}}
title = {Backward recognition masking},
organization = {The Journal of the Acoustical Society of America},
year = {1975},
url = {https://doi.org/10.1121/1.380765},
}

@ARTICLE{terhardt:1982
author = {{Ernst Terhardt, W. Dixon Ward}}
title = {Recognition of musical key: Exploratory study},
organization = {The Journal of the Acoustical Society of America},
year = {1982},
url = {https://doi.org/10.1121/1.387989},
}

@ARTICLE{terhardt:1983
author = {{Ernst Terhardt, Manfred Seewann}}
title = {Aural Key Identification and Its Relationship to Absolute Pitch},
organization = {Music Perception: An Interdisciplinary Journal},
year = {1983},
url = {https://www.jstor.org/stable/40285250},
}

@ARTICLE{posner:1968
author = {{Michael Posner, Steven Keele}}
title = {On the genesis of abstract ideas},
organization = {Journal of Experimental Psychology},
year = {1968},
url = {https://psycnet.apa.org/doi/10.1037/h0025953},
}


